@book{hayt2007,
  author    = {William H. Hayt and Jack E. Kemmerly and Steven M. Durbin},
  title     = {Análisis de circuitos en ingeniería},
  edition   = {7},
  year      = {2007},
  publisher = {McGraw-Hill},
  address   = {México}
}

@book{boylestad2011,
  author    = {Robert L. Boylestad},
  title     = {Introducción al análisis de circuitos},
  edition   = {12},
  year      = {2011},
  publisher = {Prentice Hall},
  address   = {México}
}

@book{alexander2013,
  author    = {Charles K. Alexander and Matthew N. Sadiku},
  title     = {Fundamentos de circuitos eléctricos},
  edition   = {5},
  year      = {2013},
  publisher = {McGraw-Hill},
  address   = {México}
}

@book{dorf2011,
  author    = {Richard Dorf and James A. Svoboda},
  title     = {Circuitos eléctricos},
  edition   = {8},
  year      = {2011},
  publisher = {Alfaomega},
  address   = {México}
}

@book{ida2020sensors,
  title={Sensors, actuators, and their interfaces},
  author={Ida, Nathan},
  publisher={The Institution of Engineering and Technology},
  year={2020}
}

@book{pallas2012sensors,
  title={Sensors and signal conditioning},
  author={Pallas-Areny, Ramon and Webster, John G},
  year={2012},
  publisher={John Wiley \& Sons}
}

@book{fraden2016sensors,
  title={Handbook of Modern Sensors: Physics, Designs, and Applications},
  author={Fraden, Jacob},
  year={2016},
  publisher={Springer}
}

@book{karre2023instru,
  title={Piping and Instrumentation Diagram: A Stepwise Approach},
  author={Karre, Avinashkumar Vinodkumar},
  year={2023},
  publisher={Walter de Gruyter GmbH \& Co KG}
}

@manual{ansiisa51,
  title = {ANSI/ISA-5.1: Instrumentation Symbols and Identification}, 
  organization = {International Society of Automation (ISA)}, 
  year = {2009}, 
  number = {ANSI/ISA-5.1-2009}
}

@manual{gum2008, 
  title = {Guide to the Expression of Uncertainty in Measurement},
  organization = {Joint Committee for Guides in Metrology (JCGM)},
  year = {2008},
  number = {JCGM 100:2008}
}

@book{sedra2020microelectronic,
  title={Microelectronic Circuits},
  author={Sedra, Adel S. and Smith, Kenneth C.},
  year={2020},
  publisher={Oxford University Press},
  edition={8th}
}

@book{boylestad2019electronic,
  title={Electronic Devices and Circuit Theory},
  author={Boylestad, Robert L. and Nashelsky, Louis},
  year={2019},
  publisher={Pearson},
  edition={11th}
}

@book{horowitz2015art,
  title={The Art of Electronics},
  author={Horowitz, Paul and Hill, Winfield},
  year={2015},
  publisher={Cambridge University Press},
  edition={3rd}
}

@book{floyd2012fundamentals,
  title={Fundamentals of Analog Circuits},
  author={Floyd, Thomas L. and Buchla, David M.},
  year={2012},
  publisher={Pearson},
  edition={2nd}
}

@book{franco2014design,
  title={Design with Operational Amplifiers and Analog Integrated Circuits},
  author={Franco, Sergio},
  year={2014},
  publisher={McGraw-Hill Education},
  edition={4th}
}

@book{brown2007fundamentals,
  title={Fundamentals of Digital Logic with Verilog Design},
  author={Brown, Stephen and Vranesic, Zvonko},
  year={2007},
  publisher={McGraw-Hill Education}
}

@book{mano2008logic,
  title={Logic and Computer Design Fundamentals},
  author={Mano, M. Morris and Kime, Charles R.},
  year={2008},
  publisher={Pearson}
}

@book{harris2012digital,
  title={Digital Design and Computer Architecture},
  author={Harris, David M. and Harris, Sarah L.},
  year={2012},
  publisher={Morgan Kaufmann}
}

@book{katz2005contemporary,
  title={Contemporary Logic Design},
  author={Katz, Randy H.},
  year={2005},
  publisher={Prentice Hall}
}

@book{floyd2006fundamentos,
  title={Fundamentos de Sistemas Digitales},
  author={Floyd, Thomas L.},
  year={2006},
  publisher={Pearson Educación}
}

@book{nelson1995analisis,
  title={Análisis y Diseño de Circuitos Lógicos Digitales},
  author={Nelson, Victor P. and Nagle, H. Troy and Carroll, Bill D. and Irwin, J. David},
  year={1995},
  publisher={Prentice Hall}
}

@book{hayes1993introduccion,
  title={Introducción al Diseño Lógico Digital},
  author={Hayes, John P.},
  year={1993},
  publisher={McGraw-Hill}
}

@book{sandige2002modern,
  title={Modern Digital Design},
  author={Sandige, Richard S.},
  year={2002},
  publisher={McGraw-Hill}
}

@book{short2008vhdl,
  title={VHDL for Engineers},
  author={Short, Kenneth L.},
  year={2008},
  publisher={Prentice Hall}
}

@book{chu2008fpga,
  title={FPGA Prototyping by VHDL Examples},
  author={Chu, Pong P.},
  year={2008},
  publisher={Wiley-Interscience}
}

@article{liwschitz1970maquinas,
  title={Máquinas de corriente alterna},
  author={Liwschitz Garik, Michael and Whipple, Clyde C and others},
  year={1970},
  publisher={México: CECSA,}
}

@book{chapman2012maquinas,
  title={Máquinas Eléctricas},
  author={Chapman, Stephen J},
  year={2012},
  publisher={McGraw Hill México}
}

@book{kosow2021maquinas,
  title={Máquinas eléctricas y transformadores},
  author={Kosow, Irving L},
  year={2021},
  publisher={Reverté}
}

@article{wildi2007maquinas,
  title={Máquinas eléctricas y sistemas de potencia},
  author={Wildi, Theodore and others},
  year={2007},
  publisher={Biblioteca Hernán Malo González}
}

@book{fraile2008maquinas,
  title={Máquinas eléctricas},
  author={Fraile Mora, Jesús},
  year={2008},
  publisher={Mc Graw Hill}
}

@article{fitzgerald1975teoria,
  title={Teoría y análisis de las máquinas eléctricas},
  author={Fitzgerald, Arthur Eugene and Kingsley, Charles and Kusko, Alexander},
  year={1975},
  publisher={Barcelona: Hispano Europea, Editia Mexicana,}
}


@book{grainger1996,
  author = {J. J. Grainger and W. D. Stevenson},
  title = {Análisis de Sistemas de Potencia},
  year = {1996},
  publisher = {McGraw-Hill},
  address = {México}
} 

@book{kothari2008,
  author = {D. P. Kothari and I. J. Nagrath},
  title = {Sistemas Eléctricos de Potencia},
  year = {2008},
  publisher = {McGraw-Hill},
  address = {México}
} 

@book{wildi2007,
  author = {T. Wildi},
  title = {Máquinas Eléctricas y Sistemas de Potencia},
  year = {2007},
  publisher = {PEARSON},
  address = {México}
}

@book{kersting2012,
  author = {W.H. Kersting},
  title = {Distribution System Modeling and Analysis},
  publisher = {CRC Press},
  edition = {3rd},
  year = {2012}
}

@book{short2014,
  author = {T.A. Short},
  title = {Electric Power Distribution Handbook},
  publisher = {CRC Press},
  edition = {2nd},
  year = {2014}
}

@book{gonen2008,
  author = {T. Gönen},
  title = {Electric Power Distribution System Engineering},
  publisher = {CRC Press},
  edition = {2nd},
  year = {2008}
}

@book{momoh2012,
  author = {J. Momoh}, 
  title = {Smart Grid: Fundamentals of Design and Analysis},
  publisher = {Wiley},
  year = {2012}
}

@book{ekanayake2012,
  author = {J. Ekanayake and others},
  title = {Smart Grid: Technology and Applications},
  publisher = {Wiley},
  year = {2012}
}

@book{pinheiro2018,
  author = {D. Pinheiro and others},
  title = {Smart Operations for Power Distribution Systems: Concepts and Applications},
  publisher = {Springer}, 
  year = {2018}
}

@book{migliavacca2020,
  author = {G. Migliavacca},
  title = {TSO-DSO Interactions and Ancillary Services in Electricity Transmission and Distribution Networks: Modelling, Analysis and Case Studies},
  publisher = {Springer},
  year = {2020}
}