@book{cengel2019termo,
  author={Yunus A. Çengel and Michael A. Boles},
  title={Termodinámica},
  edition={9},
  publisher={McGraw-Hill Education},
  year={2019},
  isbn={978-6071512814}
}

@book{vanwylen2006termo,
  author={Gordon J. Van Wylen and Richard E. Sonntag},
  title={Fundamentos de Termodinámica},
  edition={6},
  publisher={Editorial Limusa},
  year={2006},
  isbn={978-9681861840}
}


@book{wark2000termo,
  author={Kenneth Wark and Donald E. Richards},
  title={Termodinámica},
  edition={6},
  publisher={McGraw-Hill Education},
  year={2000},
  isbn={978-8448128294}
}

@book{cengel2018mecanica, 
title={Mecánica de Fluidos, Fundamentos y Aplicaciones}, 
author={Cengel, Y. and Cimbala, J.}, 
year={2018}, 
edition={4a}, 
publisher={McGraw-Hill, Inc.}
 } 
@book{mott2015mecanica, 
  title={Mecánica de Fluidos}, 
  author={Mott, R. and Untener, J.}, 
  year={2015}, 
  edition={7a}, 
  publisher={Pearson} 
} 

@book{chanson2002hidraulica, 
  title={Hidráulica del Flujo}, 
  author={Chanson, H.}, 
  year={2002}, 
  publisher={McGraw-Hill, Inc.} 
} 

@book{crowe2002mecanica, 
  title={Mecánica de Fluidos}, 
  author={Crowe, C. T. and Elger, D. F. and Roberson, J. A.}, 
  year={2002}, 
  edition={7a}, 
  publisher={John Wiley \& Sons, Inc.} 
}

@book{king1996handbook, 
  title={Handbook of Hydraulics}, 
  author={King, H. W.}, 
  year={1996}, 
  publisher={McGraw-Hill, Inc.}
} 

@book{mataix1970mecanica, 
  title={Mecánica de Fluidos y Máquinas Hidráulicas}, 
  author={Mataix, C.}, 
  year={1970}, 
  publisher={Harper \& Row Publishers Inc.} 
}

@book{munson2004fundamentos, 
  title={Fundamentos de Mecánica de Fluidos}, 
  author={Munson, R. M. and Young, D. F. and Okiishi, T. H.}, 
  year={2004}, 
  publisher={John Wiley \& Sons, Inc.} 
} 

@book{potter1998mecanica, 
  title={Mecánica de Fluidos}, 
  author={Potter, M. and Wiggert, D.}, 
  year={1998}, 
  edition={2a}, 
  publisher={Prentice Hall, Inc.} 
} 
  
@book{sotelo1974hidraulica,
  title={Hidráulica General}, 
  author={Sotelo, G. A.}, 
  year={1974}, 
  publisher={Editorial LIMUSA S.A.} 
} 

@book{streeter2000mecanica, 
  title={Mecánica de Fluidos}, 
  author={Streeter, V. and Wylie, B. and Bedford, K.}, 
  year={2000}, 
  edition={9a}, 
  publisher={McGraw-Hill, Inc.} 
} 

@book{white2008mecanica, 
  title={Mecánica de Fluidos}, 
  author={White, F. M.}, 
  year={2008}, 
  edition={6a}, 
  publisher={McGraw-Hill, Inc.}
}

@book{giesecke2006dibujo,
  title={Dibujo y comunicación gráfica},
  author={Giesecke, Frederick E and others},
  year={2006},
  publisher={Biblioteca Hernán Malo González}
}

@book{hernandez2013dibujo,
  author={Hernández González, Victor Julio and Barahona Guzmán, Greivin},
  publisher={Editorial Tecnológica de Costa Rica},
  title={Fundamentos de dibujo técnico para ingeniería},
  year={2013}
}

@book{lieu2011dibujo,
  title={Dibujo para diseño de ingeniería},
  author={Lieu, Dennis Kenmon and Sorby, Sheryl and Cárdenas, Javier León and Álvarez Miranda, Gilberto Domingo},
  year={2011},
  publisher={Cengage Learning}
}

@book{bogoliubov1988dibujo,
  title={Dibujo técnico},
  author={Bogoliúbov, S},
  year={1988},
  publisher={MIR}
}

@book{bogoliubov1989tareas,
  title={Tareas para el curso de dibujo técnico},
  author={Bogoliúbov, S},
  year={1989},
  publisher={MIR}
}
