@book{cormen2009,
  title={Introduction to Algorithms},
  author={Cormen, Thomas H. and Leiserson, Charles E. and Rivest, Ronald L. and Stein, Clifford},
  year={2009},
  publisher={MIT Press}
}

@book{tanenbaum2016,
  title={Structured Computer Organization},
  author={Tanenbaum, Andrew S. and Austin, Todd},
  year={2016},
  publisher={Pearson}
}

@book{patterson2020,
  title={Computer Organization and Design: The Hardware/Software Interface},
  author={Patterson, David A. and Hennessy, John L.},
  year={2020},
  publisher={Morgan Kaufmann}
}

@book{silberschatz2020,
  title={Database System Concepts},
  author={Silberschatz, Abraham and Korth, Henry F. and Sudarshan, S.},
  year={2020},
  publisher={McGraw-Hill}
}

@book{aho2006,
  title={Compilers: Principles, Techniques, and Tools},
  author={Aho, Alfred V. and Lam, Monica S. and Sethi, Ravi and Ullman, Jeffrey D.},
  year={2006},
  publisher={Pearson}
}

@book{bryant2015,
  title={Computer Systems: A Programmer's Perspective},
  author={Bryant, Randal E. and O'Hallaron, David R.},
  year={2015},
  publisher={Pearson}
}

@book{nise2015control,
  title={Control Systems Engineering},
  author={Norman S. Nise},
  edition={7th},
  year={2015},
  publisher={John Wiley \& Sons Inc.}
}

@book{ogata2002sistemas,
  title={Sistemas de control en tiempo discreto},
  author={Katsuhiko Ogata},
  edition={2nd},
  year={2002},
  publisher={Pearson Educación}
}

@book{golnaraghi2009automatic,
  title={Automatic Control Systems},
  author={Farid Golnaraghi and Benjamin Kuo},
  edition={9th},
  year={2009},
  publisher={John Wiley \& Sons}
}

@book{wilkie2002introductory,
  title={Control Engineering: An introductory course},
  author={Wilkie, Jacqueline and Johnson, Michael and Reza, K},
  year={2002},
  publisher={Springer}
}

@book{chaturvedi2017modeling,
  title={Modeling and Simulation of Systems Using MATLAB and Simulink},
  author={Chaturvedi, Devendra K.},
  year={2017},
  publisher={CRC Press}
}

@book{ogata2010modern,
  title={Modern Control Engineering},
  author={Ogata, Katsuhiko},
  year={2010},
  publisher={Prentice Hall}
}

@book{astrom2010feedback,
  title={Feedback Systems: An Introduction for Scientists and Engineers},
  author={Åström, Karl J. and Murray, Richard M.},
  year={2010},
  publisher={Princeton University Press}
}

@book{ogata2001system,
  title={System Dynamics},
  author={Ogata, Katsuhiko},
  year={2001},
  publisher={Prentice Hall}
}

@book{chapra2011applied,
  title={Applied Numerical Methods with MATLAB for Engineers and Scientists},
  author={Chapra, Steven C.},
  year={2011},
  publisher={McGraw-Hill}
}

@book{simulink2020simulink,
  title={Simulink: Simulation and Model-Based Design},
  author={MathWorks},
  year={2020},
  publisher={MathWorks}
}

@book{barnett2017micro,
  title={Embedded C Programming and the Microchip PIC},
  author={Barnett, Richard H. and O'Cull, Larry and Cox, Sarah},
  year={2017},
  publisher={Cengage Learning},
  edition={2nd}
}

@book{barr1999micro,
  title={Programming Embedded Systems in C and C++},
  author={Barr, Michael},
  year={1999},
  publisher={O'Reilly Media},
  edition={1st}
}

@book{sanchez2007micro,
  title={Microcontroller Programming: The Microchip PIC},
  author={Sanchez, Julio and Canton, Maria P.},
  year={2007},
  publisher={CRC Press},
  edition={1st}
}

@book{cassandras2021discretos,
  title={Introduction to Discrete Event Systems},
  author={Cassandras, Christos G. and Lafortune, Stéphane},
  year={2021},
  publisher={Springer International Publishing},
  edition={3rd},
  isbn={978-3-030-72272-2},
  doi={10.1007/978-3-030-72274-6}
}

@book{nof2023discretos,
  editor    = {Shimon Y. Nof},
  title     = {Springer Handbook of Automation},
  edition   = {2nd},
  year      = {2023},
  publisher = {Springer International Publishing},
  isbn      = {978-3-030-96729-1},
  doi       = {10.1007/978-3-030-96729-1},
  url       = {https://link.springer.com/book/10.1007/978-3-030-96729-1}
}

@book{john2010discretos,
  title        = {{IEC 61131-3: Programming Industrial Automation Systems: Concepts and Programming Languages, Requirements for Programming Systems, Decision-Making Aids}},
  author       = {John, Karl-Heinz and Tiegelkamp, Michael},
  year         = {2010},
  publisher    = {Springer},
  edition      = {2nd},
  isbn         = {978-3-642-12015-2},
  doi          = {10.1007/978-3-642-12015-2},
  url          = {https://link.springer.com/book/10.1007/978-3-642-12015-2}
}

@techreport{IEC61131-3,
  author      = {{International Electrotechnical Commission}},
  title       = {{IEC 61131-3: Programmable Controllers – Part 3: Programming Languages}},
  institution = {International Electrotechnical Commission},
  year        = {2013},
  number      = {IEC 61131-3:2013},
  url         = {https://webstore.iec.ch/publication/4552}
}

@techreport{IEC60848,
  author      = {{International Electrotechnical Commission}},
  title       = {{IEC 60848: GRAFCET specification language for sequential function charts}},
  institution = {International Electrotechnical Commission},
  year        = {2013},
  number      = {IEC 60848:2013},
  url         = {https://webstore.iec.ch/publication/3684}
}

@book{banks2010discretos,
  title={Discrete-Event System Simulation},
  author={Banks, Jerry and Carson, John S. and Nelson, Barry L. and Nicol, David M.},
  year={2010},
  publisher={Prentice-Hall, Inc},
  edition={5th}
}

@book{pidd2004computer,
  title={Computer Simulation in Management Science},
  author={Pidd, Michael},
  year={2004},
  publisher={John Wiley \& Sons, Inc},
  edition={5th}
}

@book{law2014simulation,
  title={Simulation Modelling and Analysis},
  author={Law, Averill M. and Kelton, W. David},
  year={2014},
  publisher={McGraw-Hill},
  edition={5th}
}

@book{kulkarni2010modeling,
  title={Modeling and Analysis of Stochastic Systems},
  author={Kulkarni, V.G.},
  year={2010},
  publisher={Springer},
  edition={2nd}
}

@book{david1992petri,
  title={Petri Nets and Grafcet: Tools for Modelling Discrete Event Systems},
  author={David, René and Alla, Hassane},
  year={1992},
  publisher={Prentice Hall}
}
