@book{Kinnison2012,
  author    = {Harry A. Kinnison and Tariq Siddiqui},
  title     = {Aviation Maintenance Management},
  publisher = {McGraw-Hill Education},
  year      = {2012},
  edition   = {2nd},
}

@book{Moir2012,
  author    = {Ian Moir and Allan Seabridge},
  title     = {Aircraft Systems: Mechanical, Electrical and Avionics Subsystems Integration},
  publisher = {John Wiley \& Sons},
  year      = {2012},
}

@book{FederalAviation2018,
  author    = {Federal Aviation Administration (FAA)},
  title     = {Aviation Maintenance Technician Handbook – General},
  publisher = {Skyhorse},
  year      = {2018},
}

@book{Woodward1997,
  author    = {David G. Woodward},
  title     = {Life Cycle Costing: Theory, Information Acquisition and Application},
  publisher = {Elsevier},
  year      = {1997},
  isbn      = {978-0080429989}
}

@book{hill1991mechanics,
  author    = {Philip G. Hill and Carl R. Peterson},
  title     = {Mechanics and Thermodynamics of Propulsion},
  edition   = {2nd},
  year      = {1991},
  publisher = {Addison-Wesley},
  address   = {Reading, MA},
  isbn      = {978-0201146592}
}
@book{bathie1987fundamentos,
  author    = {William W. Bathie},
  title     = {Fundamentos de turbinas a gas},
  year      = {1987},
  publisher = {Limusa},
  address   = {México D.F.},
}

@book{cohen1983teoria,
  title={Teoría de las turbinas de gas},
  author={Cohen, Henry and Cohen, H and Rogers, GFC and Saravanamuttoo, HIH and del Rio, Rafael Blasco and Elósegui, Guillermo Wolf},
  year={1983},
  publisher={Marcombo}
}

@book{stevens2003aircraft,
  title={Aircraft Control and Simulation},
  author={Stevens, Brian L. and Lewis, Frank L.},
  year={2003},
  publisher={John Wiley \& Sons}
}

@book{nelson1998flight,
  title={Flight Stability and Automatic Control},
  author={Nelson, Robert C.},
  year={1998},
  publisher={McGraw-Hill}
}

@book{beard2012small,
  title={Small Unmanned Aircraft: Theory and Practice},
  author={Beard, Randal W. and McLain, Timothy W.},
  year={2012},
  publisher={Princeton University Press}
}

@book{sidi1997spacecraft,
  title={Spacecraft Dynamics and Control: A Practical Engineering Approach},
  author={Sidi, Marcel J.},
  year={1997},
  publisher={Cambridge University Press}
}

@book{stengel2004flight,
  title={Flight Dynamics},
  author={Stengel, Robert F.},
  year={2004},
  publisher={Princeton University Press}
}

@book{cook2012flight,
  title={Flight Dynamics Principles: A Linear Systems Approach to Aircraft Stability and Control},
  author={Cook, Malcolm V.},
  year={2012},
  publisher={Butterworth-Heinemann}
}

@book{diaz2011materiales,
  author    = {Ángel Díaz Aceituno and César F. Natal Fernández},
  title     = {Materiales de Aviación y Hardware},
  year      = {2011},
  edition   = {1},
  publisher = {SENASA},
  address   = {España}
}

@book{liu2016aerospace,
  author    = {Yucheng Liu},
  title     = {Aerospace Structures and Materials},
  year      = {2016},
  publisher = {Bentham Science Publishers},
  address   = {Sharjah, UAE},
  isbn      = {9781681083056}
}

@book{lu2019materials,
  author    = {Charles Lu},
  title     = {Materials and Process Modeling of Aerospace Composites},
  year      = {2019},
  publisher = {SAE International},
  address   = {Warrendale, PA},
  isbn      = {9780768001907}
}

@book{moir2023aircraft,
  title     = {Aircraft Systems: Mechanical, Electrical, and Avionics Subsystems Integration},
  author    = {Moir, Ian and Seabridge, Allan},
  edition   = {4th},
  year      = {2023},
  publisher = {Wiley}
} 
@book{tooley2022electrical,
  title     = {Aircraft Electrical and Electronic Systems},
  author    = {Tooley, Mike and Wyatt, David},
  edition   = {2nd},
  year      = {2022},
  publisher = {Routledge}
}
@book{farokhi2021propulsion,
  title     = {Aircraft Propulsion},
  author    = {Farokhi, Saeed},
  edition   = {3rd},
  year      = {2021},
  publisher = {Wiley}
}
@book{langton2020hydraulic,
  title     = {Aircraft Hydraulic Systems},
  author    = {Langton, Roy and Clark, Chuck and Hewitt, Martin and Richards, Lonnie},
  year      = {2020},
  publisher = {Wiley}
}
@book{davis2019environmental,
  title     = {Aircraft Environmental Control Systems: Cabin Pressure and Temperature Control},
  author    = {Davis, Mark A. and Scull, Joe},
  year      = {2019},
  publisher = {SAE International}
}

@book{lester2007aviation,
  author    = {Peter Lester},
  title     = {Aviation Weather},
  edition   = {4},
  year      = {2007},
  publisher = {Jeppesen Sanderson},
  isbn      = {9780884874943}
}

@book{wickson2015meteorology,
  author    = {Mike Wickson},
  title     = {Meteorology for Pilots},
  year      = {2015},
  publisher = {Pooleys Air Presentations},
  isbn      = {9781910809039}
}

@book{ledesma2008meteorologia,
  author    = {Manuel Ledesma Jimeno and Gabriel Baleriola},
  title     = {Meteorología Aplicada a la Aviación},
  edition   = {13},
  year      = {2008},
  publisher = {Paraninfo},
  isbn      = {978-84-283-2942-2}
}

@book{gonzalez2009descubrir,
  author    = {Blanca González López},
  title     = {Descubrir la Meteorología en la Aviación},
  year      = {2009},
  publisher = {AENA},
  isbn      = {978-84-92499-29-8}
}
