@book{ebeling2019introduction,
  title={An introduction to reliability and maintainability engineering},
  author={Ebeling, Charles E},
  year={2019},
  publisher={Waveland Press}
}

@book{birolini2017reliability,
  title={Reliability engineering},
  author={Birolini, Alessandro},
  volume={8},
  year={2017},
  publisher={Springer}
}

@book{smith2019fiabilidad,
  title={Fiabilidad, mantenibilidad y riesgo: métodos prácticos para ingenieros},
  author={Smith, D},
  year={2019},
  publisher={Butterworth-Heinemann}
}

@book{moubray2004mantenimiento,
  title={Mantenimiento centrado en confiabilidad (RCM)},
  author={Moubray, John},
  journal={Asheville, North Carolina USA: Aladon LLC},
  year={2004}
}

@book{montgomery2020applied,
  title={Applied statistics and probability for engineers},
  author={Montgomery, Douglas C and Runger, George C},
  year={2020},
  publisher={John wiley \& sons}
}