@book{giesecke2012dibujo,
  author={Frederick E. Giesecke and Alva Mitchell and Henry Cecil Spencer and Ivan Leroy Hill and John Thomas Dygdon and James E. Novak and Shawna Lockhart},
  title={Dibujo Técnico con Gráficas de Ingeniería},
  edition={14},
  year={2012},
  publisher={Pearson Educación},
  address={México},
  isbn={978-607-32-1353-0}
}

@book{sorby2020dibujo,
  author    = {Dennis K. Lieu and Sheryl A. Sorby},
  title     = {Visualization, Modeling, and Graphics for Engineering Design},
  edition   = {2nd},
  publisher = {Cengage Learning},
  year      = {2017},
  isbn      = {9780357112100}
}

@book{bogoliubov1985dibujo,
  author={S. Bogoliúbov},
  title={Dibujo Técnico},
  year={1985},
  publisher={MIR},
  address={Moscú, Rusia}
}

@book{bogoliubov1985practicas,
  author={S. Bogoliúbov},
  title={Prácticas para el Curso de Dibujo Técnico},
  year={1985},
  publisher={MIR},
  address={Moscú, Rusia}
}

@book{perez1998expresion,
  author={José Luis Pérez Díaz and Sebastián Palacios Cuenca},
  title={Expresión Gráfica en la Ingeniería: Introducción al Dibujo Industrial},
  year={1998},
  publisher={Prentice Hall},
  address={España},
  isbn={978-84-205-5090-9}
}