@book{lyshevski2008electromechanical,
  title={Electromechanical systems and devices},
  author={Lyshevski, Sergey Edward},
  year={2008},
  publisher={CRC Press}
}	

@book{elliott2007electromechanical,
  title={Electromechanical devices \& components illustrated sourcebook},
  author={Elliott, Brian S},
  year={2007},
  publisher = {McGraw Hill Professional}
}

@book{sapag2014proyectos,
  title={Preparación y evaluación de proyectos},
  author={Sapag Chain, Nassir and Sapag Chain, Reynaldo and Sapag, Jos{\'e} Manuel},
  year={2014},
  publisher={Mc Graw Hill educación}
}

@book{hernandez2020metodologia,
  title={Metodología de la investigación: las rutas cuantitativa, cualitativa y mixta},
  author={Hernández-Sampieri, Roberto and Mendoza, Christian},
  year={2020},
  publisher={Mcgraw-hill México}
}

@book{gray2018proyectos,
  title={Project management: The managerial process},
  author={Gray, Clifford F},
  year={2018},
  publisher={McGraw-Hill Education}
}

@book{project2021proyectos,
  title={A Guide to the Project Management Body of Knowledge (PMBOK{\textregistered} Guide)--Seventh Edition and The Standard for Project Management},
  author={Project Management Institute},
  year={2021},
  organization={Project Management Institute}
}

