@book{hayt2023circuits,
  title={Engineering Circuit Analysis},
  author={Hayt, William H. and Kemmerly, Jack E. and Phillips, Jamie and Durbin, Steven M.},
  edition={10th},
  year={2023},
  publisher={McGraw Hill},
  isbn={9781264149919}
}

@book{boylestad2022circuits,
  title={Introductory Circuit Analysis},
  author={Boylestad, Robert L. and Olivari, Brian A.},
  edition={14th},
  year={2022},
  publisher={Pearson},
  isbn={9780137594177}
}

@book{alexander2023circuits,
  title={Fundamentals of Electric Circuits},
  author={Alexander, Charles K. and Sadiku, Matthew N. O.},
  edition={7th},
  year={2023},
  publisher={McGraw-Hill},
  isbn={9781260226409}
}

@book{dorf2011circuits,
  title={Electric Circuits},
  author={Dorf, Richard C. and Svoboda, James A.},
  edition={8th},
  year={2011},
  publisher={Alfaomega},
  isbn={9786077072324}
}


@book{ida2020sensors,
  title={Sensors, actuators, and their interfaces},
  author={Ida, Nathan},
  publisher={The Institution of Engineering and Technology},
  year={2020}
}

@book{pallas2012sensors,
  title={Sensors and signal conditioning},
  author={Pallas-Areny, Ramon and Webster, John G},
  year={2012},
  publisher={John Wiley \& Sons}
}

@book{fraden2016sensors,
  title={Handbook of Modern Sensors: Physics, Designs, and Applications},
  author={Fraden, Jacob},
  year={2016},
  publisher={Springer}
}

@book{karre2023instru,
  title={Piping and Instrumentation Diagram: A Stepwise Approach},
  author={Karre, Avinashkumar Vinodkumar},
  year={2023},
  publisher={Walter de Gruyter GmbH \& Co KG}
}

@manual{ansiisa51,
  title = {ANSI/ISA-5.1: Instrumentation Symbols and Identification}, 
  organization = {International Society of Automation (ISA)}, 
  year = {2009}, 
  number = {ANSI/ISA-5.1-2009}
}

@manual{gum2008, 
  title = {Guide to the Expression of Uncertainty in Measurement},
  organization = {Joint Committee for Guides in Metrology (JCGM)},
  year = {2008},
  number = {JCGM 100:2008}
}

@book{sedra2020microelectronic,
  title={Microelectronic Circuits},
  author={Sedra, Adel S. and Smith, Kenneth C.},
  year={2020},
  publisher={Oxford University Press},
  edition={8th}
}

@book{boylestad2019electronic,
  title={Electronic Devices and Circuit Theory},
  author={Boylestad, Robert L. and Nashelsky, Louis},
  year={2019},
  publisher={Pearson},
  edition={11th}
}

@book{horowitz2015art,
  title={The Art of Electronics},
  author={Horowitz, Paul and Hill, Winfield},
  year={2015},
  publisher={Cambridge University Press},
  edition={3rd}
}

@book{floyd2012fundamentals,
  title={Fundamentals of Analog Circuits},
  author={Floyd, Thomas L. and Buchla, David M.},
  year={2012},
  publisher={Pearson},
  edition={2nd}
}

@book{franco2014design,
  title={Design with Operational Amplifiers and Analog Integrated Circuits},
  author={Franco, Sergio},
  year={2014},
  publisher={McGraw-Hill Education},
  edition={4th}
}

@book{brown2013digital,
  author={Stephen Brown and Zvonko Vranesic},
  title={Fundamentals of Digital Logic with Verilog Design},
  edition={3rd},
  publisher={McGraw-Hill Education},
  year={2013},
  isbn={978-0073380544}
}

@book{mano2015digital,
  author={M. Morris Mano and Charles R. Kime},
  title={Logic and Computer Design Fundamentals},
  edition={5th},
  publisher={Pearson},
  year={2015},
  isbn={978-0133760637}
}

@book{harris2012digital,
  author={David Money Harris and Sarah L. Harris},
  title={Digital Design and Computer Architecture},
  edition={2nd},
  publisher={Morgan Kaufmann},
  year={2012},
  isbn={978-0123944245}
}

@book{katz2005digital,
  author={Randy H. Katz},
  title={Contemporary Logic Design},
  edition={2nd},
  publisher={Prentice Hall},
  year={2005},
  isbn={978-0201308570}
}

@book{floyd2015digital,
  author={Thomas L. Floyd},
  title={Fundamentos de Sistemas Digitales},
  edition={11},
  publisher={Pearson Educación},
  year={2015},
  isbn={978-6073222083}
}

@book{nelson1995digital,
  author={Victor P. Nelson and H. Troy Nagle and Bill D. Carroll and J. David Irwin},
  title={Análisis y Diseño de Circuitos Lógicos Digitales},
  publisher={Prentice Hall},
  year={1995},
  isbn={978-9688808145}
}

@book{hayes1993digital,
  author={John P. Hayes},
  title={Introducción al Diseño Lógico Digital},
  publisher={McGraw-Hill},
  year={1993},
  isbn={978-8448111692}
}

@book{sandige2002digital,
  author={Richard S. Sandige},
  title={Modern Digital Design},
  publisher={McGraw-Hill},
  year={2002},
  isbn={978-0071123471}
}

@book{short2008digital,
  author={Kevin L. Short},
  title={VHDL for Engineers},
  publisher={Prentice Hall},
  year={2008},
  isbn={978-0136055969}
}

@book{chu2017digital,
  author={Pong P. Chu},
  title={FPGA Prototyping by VHDL Examples},
  edition={2nd},
  publisher={Wiley-Interscience},
  year={2017},
  isbn={978-1119282747}
}

@book{liwschitz1981maquinas,
  title={Máquinas de corriente alterna},
  author={Liwschitz Garik, Michael and Whipple, Clyde C and others},
  year={1981},
  publisher={Reverté}
}

@book{chapman2012maquinas,
  title={Máquinas Eléctricas},
  author={Chapman, Stephen J},
  year={2012},
  publisher={McGraw Hill México}
}

@book{kosow2021maquinas,
  title={Máquinas eléctricas y transformadores},
  author={Kosow, Irving L},
  year={2021},
  publisher={Reverté}
}

@book{wildi2007maquinas,
  title={Máquinas eléctricas y sistemas de potencia},
  author={Wildi, Theodore and others},
  year={2007},
  publisher={Biblioteca Hernán Malo González}
}

@book{fraile2016maquinas,
  title={Máquinas eléctricas},
  author={Fraile Mora, Jesús},
  year={2016},
  publisher={Mc Graw Hill}
}

@book{fitzgerald1975maquinas,
  title={Teoría y análisis de las máquinas eléctricas},
  author={Fitzgerald, Arthur Eugene and Kingsley, Charles and Kusko, Alexander},
  year={1975},
  publisher={Barcelona: Hispano Europea, Editia Mexicana,}
}