@book{hibbeler2017estatica,
  author    = {R. C. Hibbeler},
  title     = {Ingeniería mecánica. Estática},
  publisher = {Pearson Educación},
  year      = {2017},
  edition   = {14},
  address   = {México},
  isbn      = {978-607-32-1850-4},
}

@book{beer2017estatica,
  author    = {F. P. Beer and R. Johnston},
  title     = {Mecánica Vectorial para Ingenieros. Estática},
  edition   = {11},
  year      = {2017},
  publisher = {McGraw-Hill},
  address   = {Ciudad de México},
  isbn      = {978-607-15-0424-9}
}

@book{meriam2018estatica,
  author    = {J. L. Meriam and L.G. Kraige and J.N. Bolton},
  title     = {Engineering Mechanics: Statics},
  edition   = {9},
  year      = {2018},
  publisher = {John Wiley and Sons},
  address   = {Hoboken, NJ, USA},
  isbn      = {978-1-119-39262-0},
}
@book{bedford2011estatica,
  author    = {Anthony Bedford and Wallace Fowler},
  title     = {Mecánica para Ingeniería: Estática},
  edition   = {5},
  year      = {2011},
  publisher = {Pearson Educación},
  address   = {México}
}

@book{hibbeler2016dinamica,
  author    = {R. C. Hibbeler},
  title     = {Ingeniería Mecánica: Dinámica},
  edition   = {14},
  year      = {2016},
  publisher = {Prentice Hall},
  address   = {México DF}
}

@book{beer2017dinamica,
  author    = {Ferdinand P. Beer and E. Russell Johnston},
  title     = {Mecánica Vectorial para Ingenieros: Dinámica},
  edition   = {11},
  year      = {2017},
  publisher = {McGraw-Hill},
  address   = {México DF}
}

@book{bedford2008dinamica,
  author    = {Anthony Bedford and Wallace Fowler},
  title     = {Mecánica para Ingeniería: Dinámica},
  edition   = {5},
  year      = {2008},
  publisher = {Pearson Educación},
  address   = {México DF}
}

@book{cengel2019termo,
  author={Yunus A. Çengel and Michael A. Boles},
  title={Termodinámica},
  edition={9},
  publisher={McGraw-Hill Education},
  year={2019}
}

@book{vanwylen2006termo,
  author={Gordon J. Van Wylen and Richard E. Sonntag},
  title={Fundamentos de Termodinámica},
  edition={6},
  publisher={Editorial Limusa},
  year={2006}
}


@book{wark2000termo,
  author={Kenneth Wark and Donald E. Richards},
  title={Termodinámica},
  edition={6},
  publisher={McGraw-Hill Education},
  year={2000}
}

@book{hibbeler2017resi,
  author    = {Russell C. Hibbeler},
  title     = {Mecánica de Materiales},
  edition   = {9},
  year      = {2017},
  publisher = {Pearson Educación},
  address   = {México}
}

@book{beer2021resi,
  author    = {Ferdinand P. Beer and E. Russell Johnston Jr. and John T. DeWolf and David F. Mazurek},
  title     = {Mecánica de Materiales},
  edition   = {8},
  year      = {2021},
  publisher = {McGraw-Hill},
  address   = {México}
}

@book{hanson2025resi,
  author    = {Jeff Hanson and Ashley Bernal and James Pitarresi},
  title     = {How to Ace Mechanics of Materials with Jeff Hanson},
  edition   = {1},
  year      = {2025},
  publisher = {McGraw Hill},
  address   = {New York}
}

@book{gere2016resi,
  author    = {James M. Gere and Barry J. Goodno},
  title     = {Mecánica de Materiales},
  edition   = {8},
  year      = {2016},
  publisher = {Cengage Learning},
  address   = {México}
}

@book{cengel2018mecanica, 
title={Mecánica de Fluidos, Fundamentos y Aplicaciones}, 
author={Cengel, Y. and Cimbala, J.}, 
year={2018}, 
edition={4a}, 
publisher={McGraw-Hill, Inc.}
} 

@book{mott2015mecanica, 
  title={Mecánica de Fluidos}, 
  author={Mott, R. and Untener, J.}, 
  year={2015}, 
  edition={7a}, 
  publisher={Pearson} 
} 

@book{chanson2002hidraulica, 
  title={Hidráulica del Flujo}, 
  author={Chanson, H.}, 
  year={2002}, 
  publisher={McGraw-Hill, Inc.} 
} 

@book{crowe2002mecanica, 
  title={Mecánica de Fluidos}, 
  author={Crowe, C. T. and Elger, D. F. and Roberson, J. A.}, 
  year={2002}, 
  edition={7a}, 
  publisher={John Wiley \& Sons, Inc.} 
}

@book{king1996handbook, 
  title={Handbook of Hydraulics}, 
  author={King, H. W.}, 
  year={1996}, 
  publisher={McGraw-Hill, Inc.}
} 

@book{mataix1970mecanica, 
  title={Mecánica de Fluidos y Máquinas Hidráulicas}, 
  author={Mataix, C.}, 
  year={1970}, 
  publisher={Harper \& Row Publishers Inc.} 
}

@book{munson2004fundamentos, 
  title={Fundamentos de Mecánica de Fluidos}, 
  author={Munson, R. M. and Young, D. F. and Okiishi, T. H.}, 
  year={2004}, 
  publisher={John Wiley \& Sons, Inc.} 
} 

@book{potter1998mecanica, 
  title={Mecánica de Fluidos}, 
  author={Potter, M. and Wiggert, D.}, 
  year={1998}, 
  edition={2a}, 
  publisher={Prentice Hall, Inc.} 
} 
  
@book{sotelo1974hidraulica,
  title={Hidráulica General}, 
  author={Sotelo, G. A.}, 
  year={1974}, 
  publisher={Editorial LIMUSA S.A.} 
} 

@book{streeter2000mecanica, 
  title={Mecánica de Fluidos}, 
  author={Streeter, V. and Wylie, B. and Bedford, K.}, 
  year={2000}, 
  edition={9a}, 
  publisher={McGraw-Hill, Inc.} 
} 

@book{white2008mecanica, 
  title={Mecánica de Fluidos}, 
  author={White, F. M.}, 
  year={2008}, 
  edition={6a}, 
  publisher={McGraw-Hill, Inc.}
}

@book{askeland2017materiales,
  author    = {Donald R. Askeland and Wendelin J. Wright},
  title     = {Ciencia e ingeniería de los materiales},
  edition   = {7},
  year      = {2017},
  publisher = {Cengage}
}

@book{barroso2014materiales,
  author    = {Santiago Barroso Herrero and Jesús Ibánez Ulargui},
  title     = {Introducción al conocimiento de materiales},
  year      = {2014},
  publisher = {UNED - Universidad Nacional de Educación a Distancia}
}

@book{riba2015materiales,
  author    = {Carles Riba Romeva},
  title     = {Selección de materiales en el diseño de máquinas},
  year      = {2015},
  publisher = {Universitat Politécnica de Catalunya}
}

@book{martin2012materiales,
  author    = {Narciso Martín Piris},
  title     = {Ciencia de materiales para ingenieros},
  year      = {2012},
  publisher = {Pearson Educación}
}

@book{kalpakjian2025manufactura,
  title     = {Manufacturing Engineering and Technology},
  author    = {Kalpakjian, Serope and Schmid, Steven R.},
  edition   = {9},
  year      = {2025},
  publisher = {Pearson},
  address   = {Hoboken, NJ},
  isbn      = {978-0-13-830847-6}
}

@book{groover2019manufactura,
  title     = {Fundamentals of Modern Manufacturing: Materials, Processes, and Systems},
  author    = {Mikell P. Groover},
  year      = {2019},
  publisher = {Wiley},
  edition   = {7th},
  isbn      = {978-1-119-47585-7},
}

@book{kalpakjian2013manufactura,
  title     = {Manufacturing Processes for Engineering Materials},
  author    = {Serope Kalpakjian and Steven R. Schmid},
  year      = {2013},
  publisher = {Pearson},
  edition   = {7th},
  isbn      = {978-0-13-312874-1},
}

@book{groover2014manufactura,
  title     = {Automation, Production Systems, and Computer-Integrated Manufacturing},
  author    = {Mikell P. Groover},
  year      = {2014},
  publisher = {Pearson},
  edition   = {4th},
  isbn      = {978-0-13-298154-8},
}

@book{budynas2021elemaq,
  author    = {Richard G. Budynas and J. Keith Nisbett},
  title     = {Diseño en Ingeniería Mecánica de Shigley},
  edition   = {11},
  year      = {2021},
  publisher = {McGraw-Hill},
  address   = {México},
  isbn      = {978-1-4562-8761-0}
}

@book{juvinall2024elemaq,
  author    = {Robert C. Juvinall and Kurt M. Marshek},
  title     = {Fundamentals of Machine Component Design},
  edition   = {7},
  year      = {2024},
  publisher = {John Wiley \& Sons},
  address   = {Hoboken, NJ},
  isbn      = {978-1-119-72360-8}
}

@book{stolarski2000elemaq,
  author    = {Tadeusz Stolarski},
  title     = {Tribology in Machine Design},
  edition   = {2},
  year      = {2000},
  publisher = {Butterworth-Heinemann},
  address   = {Oxford},
  isbn      = {978-0-7506-7040-3}
}

@book{incropera1996fundamentals,
  title={Fundamentals of heat and mass transfer},
  author={Incropera, Frank P and DeWitt, David P and Bergman, Theodore L and Lavine, Adrienne S and others},
  volume={6},
  year={1996},
  publisher={Wiley New York}
}

@book{holman2009heat,
  title={Heat Transfer Tenth Edition. Publisher" McGraw-Hill Education"},
  author={Holman, JP},
  year={2009}
}

