
@book{grainger1996gendis,
  author = {J. J. Grainger and W. D. Stevenson},
  title = {Análisis de Sistemas de Potencia},
  year = {1996},
  publisher = {McGraw-Hill},
  address = {México}
} 

@book{kothari2008gendis,
  author = {D. P. Kothari and I. J. Nagrath},
  title = {Sistemas Eléctricos de Potencia},
  year = {2008},
  publisher = {McGraw-Hill},
  address = {México}
} 

@book{wildi2007gendis,
  author = {T. Wildi},
  title = {Máquinas Eléctricas y Sistemas de Potencia},
  year = {2007},
  publisher = {PEARSON},
  address = {México}
}

@book{kersting2012gendis,
  author = {W.H. Kersting},
  title = {Distribution System Modeling and Analysis},
  publisher = {CRC Press},
  edition = {3rd},
  year = {2012}
}

@book{short2014gendis,
  author = {T.A. Short},
  title = {Electric Power Distribution Handbook},
  publisher = {CRC Press},
  edition = {2nd},
  year = {2014}
}

@book{gonen2008dendis,
  author = {T. Gönen},
  title = {Electric Power Distribution System Engineering},
  publisher = {CRC Press},
  edition = {2nd},
  year = {2008}
}

@book{momoh2012gendis,
  author = {J. Momoh}, 
  title = {Smart Grid: Fundamentals of Design and Analysis},
  publisher = {Wiley},
  year = {2012}
}

@book{ekanayake2012gendis,
  author = {J. Ekanayake and others},
  title = {Smart Grid: Technology and Applications},
  publisher = {Wiley},
  year = {2012}
}

@book{pinheiro2018gendis,
  author = {D. Pinheiro and others},
  title = {Smart Operations for Power Distribution Systems: Concepts and Applications},
  publisher = {Springer}, 
  year = {2018}
}

@book{migliavacca2020gendis,
  author = {G. Migliavacca},
  title = {TSO-DSO Interactions and Ancillary Services in Electricity Transmission and Distribution Networks: Modelling, Analysis and Case Studies},
  publisher = {Springer},
  year = {2020}
}