@book{ida2020sensors,
  title={Sensors, actuators, and their interfaces},
  author={Ida, Nathan},
  publisher={The Institution of Engineering and Technology},
  year={2020}
}

@book{pallas2012sensors,
  title={Sensors and signal conditioning},
  author={Pallas-Areny, Ramon and Webster, John G},
  year={2012},
  publisher={John Wiley \& Sons}
}

@book{fraden2016sensors,
  title={Handbook of Modern Sensors: Physics, Designs, and Applications},
  author={Fraden, Jacob},
  year={2016},
  publisher={Springer}
}

@book{karre2023instru,
  title={Piping and Instrumentation Diagram: A Stepwise Approach},
  author={Karre, Avinashkumar Vinodkumar},
  year={2023},
  publisher={Walter de Gruyter GmbH \& Co KG}
}

@manual{ansiisa51,
  title = {ANSI/ISA-5.1: Instrumentation Symbols and Identification}, 
  organization = {International Society of Automation (ISA)}, 
  year = {2009}, 
  number = {ANSI/ISA-5.1-2009}
}

@manual{gum2008, 
  title = {Guide to the Expression of Uncertainty in Measurement},
  organization = {Joint Committee for Guides in Metrology (JCGM)},
  year = {2008},
  number = {JCGM 100:2008}
}

@book{incose2023,
  title={INCOSE systems engineering handbook},
  author={INCOSE},
  year={2023},
  publisher={John Wiley \& Sons}
}

@techreport{nasa2017,
  title={Nasa systems engineering handbook},
  author={Hirshorn, Steven R and Voss, Linda D and Bromley, Linda K},
  year={2017}
}

@book{hernandez2013dibujo,
  author={Hernández González, Victor Julio and Barahona Guzmán, Greivin},
  publisher={Editorial Tecnológica de Costa Rica},
  title={Fundamentos de dibujo técnico para ingeniería},
  year={2013}
}

@book{lieu2011dibujo,
  title={Dibujo para diseño de ingeniería},
  author={Lieu, Dennis Kenmon and Sorby, Sheryl and Cárdenas, Javier León and Álvarez Miranda, Gilberto Domingo},
  year={2011},
  publisher={Cengage Learning}
}

@book{bogoliubov1988dibujo,
  title={Dibujo técnico},
  author={Bogoliúbov, S},
  year={1988},
  publisher={MIR}
}

@book{bogoliubov1989tareas,
  title={Tareas para el curso de dibujo técnico},
  author={Bogoliúbov, S},
  year={1989},
  publisher={MIR}
}

@book{ogata2009modern,
  title={Modern control engineering},
  author={Ogata, Katsuhiko},
  year={2010},
  publisher={Prentice Hall}
}

