@book{incose2023,
  title={INCOSE systems engineering handbook},
  author={INCOSE},
  year={2023},
  publisher={John Wiley \& Sons}
}

@techreport{nasa2017,
  title={Nasa systems engineering handbook},
  author={Hirshorn, Steven R and Voss, Linda D and Bromley, Linda K},
  year={2017}
}

@techreport{nasa2016expanded,
  title={Expanded guidance for nasa systems engineering. volume 1: Systems engineering practices},
  author={Hirshorn, Steven R},
  year={2016}
}

@book{Uicker2023,
  title     = {Theory of Machines and Mechanisms},
  author    = {John J. Uicker Jr and Gordon R. Pennock and Joseph E. Shigley},
  edition   = {6},
  year      = {2023},
  publisher = {Cambridge University Press},
  isbn      = {9781009303675}
}

@book{Mabie1987,
  title     = {Mechanisms and Dynamics of Machinery},
  author    = {Hamilton H. Mabie and Charles F. Reinholtz},
  edition   = {4},
  year      = {1987},
  publisher = {John Wiley \& Sons},
  isbn      = {978-0-471-80237-2}
}
